@misc{boers2025beyond,
  author       = {Boers, D.},
  title        = {Beyond the risk matrix},
  year         = {2025},
  howpublished = {[Online]},
  url          = {https://www.armsreliability.com/page/resources/blog/beyond-the-risk-matrix},
  note         = {Accessed: 14 October 2025}
}

@techreport{caldwell2018design,
  author      = {Caldwell, J. and Kealey, R. and Fernando, H. and Marshall, J. A.},
  title       = {Design Requirements and Operational Concepts for a Robotic Underground Scissor Bolter},
  institution = {Maclean Engineering},
  year        = {2018},
  month       = {October},
  day         = {30},
  note        = {Technical report issued to Maclean Engineering under NSERC Engage project EGP 523529-18}
}

@misc{mouser:pim569,
  author       = {{Mouser Electronics}},
  title        = {Pimoroni PIM569},
  howpublished = {[Online]},
  url          = {https://www.mouser.ca/ProductDetail/Pimoroni/PIM569?qs=Wj%2FVkw3K%252BMC9tyhMi6SaLA%3D%3D},
  note         = {Accessed: 22 October 2025}
}

@misc{mouser:mcp3008,
  author       = {{Mouser Electronics}},
  title        = {MCP3008},
  howpublished = {[Online]},
  url          = {https://www.mouser.ca/ProductDetail/Microchip-Technology/MCP3008-I-P?qs=AF%252BffTaPb30XZ0OdV6HdVg%3D%3D},
  note         = {Accessed: 22 October 2025}
}

@misc{mouser:sen15569,
  author       = {{Mouser Electronics}},
  title        = {SEN-15569},
  howpublished = {[Online]},
  url          = {https://www.mouser.ca/ProductDetail/474-SEN-15569},
  note         = {Accessed: 22 October 2025}
}

@misc{mouser:ina260,
  author       = {{Mouser Electronics}},
  title        = {INA260},
  howpublished = {[Online]},
  url          = {https://www.mouser.ca/ProductDetail/Adafruit/904?qs=GURawfaeGuDOI%2Fva45%252BkSg%3D%3D},
  note         = {Accessed: 22 October 2025}
}

@misc{canadarobotix:amg8833,
  author       = {{Canada Robotix}},
  title        = {AMG8833},
  howpublished = {[Online]},
  url          = {https://www.canadarobotix.com/products/2789},
  note         = {Accessed: 22 October 2025}
}

@misc{mouser:esp32,
  author       = {{Mouser Electronics}},
  title        = {ESP32-WROOM-32U},
  howpublished = {[Online]},
  url          = {https://www.mouser.ca/ProductDetail/Espressif-Systems/ESP32-DevKitC-32UE?qs=GedFDFLaBXFguOYDKoZ3jA%3D%3D},
  note         = {Accessed: 22 October 2025}
}

@misc{digikey:antenna,
  author       = {{Digikey}},
  title        = {2.4 GHz U.FL Antenna},
  howpublished = {[Online]},
  url          = {https://www.digikey.ca/en/products/detail/adafruit-industries-llc/2308/5875798},
  note         = {Accessed: 22 October 2025}
}

@misc{amazon:buckconverter,
  author       = {{Amazon}},
  title        = {5V 5A Buck Converter},
  howpublished = {[Online]},
  url          = {https://www.amazon.ca/Converter-Waterproof-Voltage-Reducer-Electronics/dp/B08YXHR5GY?source=ps-sl-shoppingads-lpcontext&smid=A3KWL2ZM6B96YR&th=1},
  note         = {Accessed: 22 October 2025}
}

@misc{homedepot:battery,
  author       = {{Home Depot}},
  title        = {12V 12Ah SLA Battery},
  howpublished = {[Online]},
  url          = {https://www.homedepot.ca/product/mighty-max-battery-ml12-12-12v-12ah-f2-sla-agm-deep-cycle-rechargeable-battery/1001872317},
  note         = {Accessed: 22 October 2025}
}

@misc{digikey:wire,
  author       = {{Digikey}},
  title        = {22 AWG Wire},
  howpublished = {[Online]},
  url          = {https://www.digikey.ca/en/products/detail/adafruit-industries-llc/2984/6226998},
  note         = {Accessed: 22 October 2025}
}