@online{cdc_groundfalls,
  author       = {{CDC}},
  title        = {Mining and Ground Falls},
  year         = {2024},
  url          = {https://www.cdc.gov/niosh/mining/topics/ground-falls.html},
  note         = {Accessed 18 September 2025}
}

@article{wong2006wheels,
  author    = {Wong, J. and Huang, W.},
  title     = {{“Wheels vs. tracks” – A fundamental evaluation from the traction perspective}},
  journal   = {Journal of Terramechanics},
  volume    = {43},
  number    = {1},
  pages     = {27--42},
  year      = {2006}
}

@online{csa_z434,
  author       = {{CSA Group}},
  title        = {CAN-CSA-Z434-14},
  year         = {2014},
  url          = {https://www.csagroup.org/store/product/CAN-CSA-Z434-14/?format=PDF},
  note         = {Accessed 28 September 2025}
}

@online{iso_15066,
  author       = {{ISO}},
  title        = {ISO/TS 15066:2016},
  year         = {2016},
  url          = {https://www.iso.org/obp/ui/en/#iso:std:iso:ts:15066:ed-1:v1:en},
  note         = {Accessed 28 September 2025}
}

@online{ontario_ohs,
  author       = {{Ontario OH\&S}},
  title        = {Occupational Health and Safety Ontario},
  year         = {2025},
  url          = {https://www.ontario.ca/laws/regulation/900854},
  note         = {Accessed 28 September 2025}
}

@online{iso_17757,
  author       = {{ISO}},
  title        = {ISO/TS 17757:2019},
  year         = {2019},
  url          = {https://www.iso.org/obp/ui/en/#iso:std:iso:17757:ed-2:v1:en},
  note         = {Accessed 28 September 2025}
}

@online{iso_13849,
  author       = {{ISO}},
  title        = {ISO 13849-1:2023},
  year         = {2023},
  url          = {https://www.iso.org/obp/ui/en/#iso:std:iso:13849:-1:ed-4:v1:en},
  note         = {Accessed 29 September 2025}
}

@online{ieee_80211s,
  author       = {Bahn, C.},
  title        = {IEEE 802.11s Mesh Networking Standard},
  year         = {2011},
  url          = {https://standards.ieee.org/ieee/802.11s/4243/},
  note         = {Accessed 01 October 2025}
}

@article{matson2012mesh,
  author    = {Matson, E. T.},
  title     = {Using Mobile Robots to Establish Mobile Wireless Mesh Networks and Increase Network Throughput},
  journal   = {ResearchGate},
  year      = {2012},
  note      = {Accessed 18 September 2025},
  url       = {https://www.researchgate.net/publication/258385712_Using_Mobile_Robots_to_Establish_Mobile_Wireless_Mesh_Networks_and_Increase_Network_Throughput}
}

@article{juston2024voc,
  author    = {Juston, M. F. R.},
  title     = {VOC exposure in mining environments},
  journal   = {National Library of Medicine},
  year      = {2024},
  note      = {Accessed 18 September 2025},
  url       = {https://pmc.ncbi.nlm.nih.gov/articles/PMC10892583/}
}
